@book{saporta2006probabilites,
  title={Probabilit{\'e}s, analyse des donn{\'e}es et statistique},
  author={Saporta, Gilbert},
  year={2006},
  publisher={Editions Technip}
}

@article{cover1967nearest,
  title={Nearest neighbor pattern classification},
  author={Cover, Thomas and Hart, Peter},
  journal={IEEE transactions on information theory},
  volume={13},
  number={1},
  pages={21--27},
  year={1967},
  publisher={IEEE}
}

@article{slaney2008locality,
  title={Locality-sensitive hashing for finding nearest neighbors [lecture notes]},
  author={Slaney, Malcolm and Casey, Michael},
  journal={IEEE Signal processing magazine},
  volume={25},
  number={2},
  pages={128--131},
  year={2008},
  publisher={IEEE}
}

@misc{VL,
title={IAML: Nearest Neighbours},
author={Lavrenko, Victor},
year={2011},
howpublished={\url{http://www.inf.ed.ac.uk/teaching/courses/iaml/2011/slides/knn.pdf}}
}

@misc{MIT,
title={MIT 6.854 Spring 2016 Lecture 6: Nearest Neighbor Search and LSH},
author={Unknown},
year={2017},
howpublished={\url{https://www.youtube.com/watch?v=vAboxtLEeH0}}
}

@misc{gopal,
title={k-d Tree and Nearest Neighbor Search},
author={Das, Gopal},
year={May 24, 2017},
howpublished={\url{https://gopalcdas.com/2017/05/24/construction-of-k-d-tree-and-using-it-for-nearest-neighbour-search/}}
}

@misc{sandipan,
title={Implementing kd-tree for fast range-search, nearest-neighbor search and k-nearest-neighbor search algorithms in 2D in Java and python},
author={Dey, Sandipan},
year={May 24, 2017},
howpublished={\url{https://www.datasciencecentral.com/profiles/blogs/implementing-kd-tree-for-fast-range-search-nearest-neighbor}}
}

@misc{stackoverflow,
title={How to calculate the average time complexity of the nearest neighbor search using kd-tree?},
author={PyChen},
year={March 22, 2014},
howpublished={\url{https://stackoverflow.com/questions/22577032/how-to-calculate-the-average-time-complexity-of-the-nearest-neighbor-search-usin}}
}

@misc{standford,
title={Approximate Nearest Neighbors Search in High Dimensions and Locality-Sensitive Hashing },
author={Sharma, Aneesh \& Wand, Michael},
year={March 22, 2014},
howpublished={\url{https://graphics.stanford.edu/courses/cs468-06-fall/Slides/aneesh-michael.pdf}}
}

@book{rivest1990introduction,
  title={Introduction to algorithms},
  author={Rivest, Ronald L and Leiserson, Charles E},
  year={1990},
  publisher={McGraw-Hill, Inc.}
}
